@article{quackenbush-2002,
  author  = {Quackenbush, John},
  journal = {Nature Genetics},
  number  = {S4},
  pages   = {496--501},
  title   = {Microarray data normalization and transformation},
  volume  = 32, 
  year    = 2002}

@article{cui-churchill-2003,
  author  = {Cui, Xiangqin and Churchill, Gary A.},
  journal = {Genome Biology},
  number  = 4,
  title   = {Statistical tests for differential expression in {cDNA}
             microarray experiments},
  volume  = 4,
  year    = 2003}
