@incollection{lee-2001,
  title     = {Algorithms for non-negative matrix factorization},
  author    = {Daniel D. Lee and Seung, H. Sebastian},
  booktitle = {Advances in Neural Information Processing Systems 13},
  pages     = {556--562},
  year      = 2001}
