@article{DESeq2,
  author  = {Love, Michael I. and Huber, Wolfgang and Anders, Simon},
  journal = {Genome Biology},
  number  = {12},
  pages   = {550},
  title   = {Moderated estimation of fold change and dispersion for 
             {RNA-seq} data with {DESeq2}},
  volume  = {15},
  year    = {2014}
}

@article{edgeR,
  author  = {Robinson, Mark D. and McCarthy, Davis J. and Smyth, Gordon K.},
  journal = {Bioinformatics},
  number  = {1},
  pages   = {139--140},
  title   = {{edgeR}: a {Bioconductor} package for differential expression 
             analysis of digital gene expression data},
  volume  = {26},
  year    = {2010}}

@article{voom,
  author  = {Law, Charity W. and Chen, Yunshun and Shi, Wei and 
             Smyth, Gordon K.},
  journal = {Genome Biology},
  number  = {2},
  pages   = {R29},
  title   = {voom: precision weights unlock linear model analysis tools for 
             {RNA-seq} read counts},
  volume  = {15},
  year    = {2014}}

@article{bullard-2010,
  author = {Bullard, James H and Purdom, Elizabeth and Hansen, Kasper D and 
            Dudoit, Sandrine},
  journal = {BMC Bioinformatics},
  number = {1},
  pages = {94},
  title = {Evaluation of statistical methods for normalization and 
           differential expression in {mRNA-Seq} experiments},
  volume = {11},
  year = {2010}}

@book{stock-watson,
  author    = {Stock, James H. and Watson, Mark W.},
  title     = {Introduction to Econometrics},
  publisher = {Pearson},
  address   = {Boston, MA},
  edition   = {3rd}, 
  year      = 2015}

@article{dey-2017,
  author  = {Dey, Kushal K. and Hsiao, Chiaowen Joyce and Stephens, Matthew},
  journal = {PLoS Genetics},
  number  = 3,
  pages   = {e1006599},
  title   = {Visualizing the structure of {RNA-seq} expression data using 
             grade of membership models},
  volume  = 13,
  year    = {2017}}

@article{quackenbush-2002,
  author  = {Quackenbush, John},
  journal = {Nature Genetics},
  number  = {S4},
  pages   = {496--501},
  title   = {Microarray data normalization and transformation},
  volume  = 32, 
  year    = 2002}

@article{cui-churchill-2003,
  author  = {Cui, Xiangqin and Churchill, Gary A.},
  journal = {Genome Biology},
  number  = 4,
  title   = {Statistical tests for differential expression in {cDNA}
             microarray experiments},
  volume  = 4,
  year    = 2003}

@article{blei-2003,
  author  = {Blei, David M. and Ng, Andrew Y. and Jordan, Michael I.},
  journal = {Journal of Machine Learning Research},
  pages   = {993--1022},
  title   = {Latent {Dirichlet} allocation},
  volume  = 3,
  year    = 2003}