@book{stock-watson,
  author    = {Stock, James H. and Watson, Mark W.},
  title     = {Introduction to Econometrics},
  publisher = {Pearson},
  address   = {Boston, MA},
  edition   = {3rd}, 
  year      = 2015}

@article{dey-2017,
  author  = {Dey, Kushal K. and Hsiao, Chiaowen Joyce and Stephens, Matthew},
  journal = {PLoS Genetics},
  number  = 3,
  pages   = {e1006599},
  title   = {Visualizing the structure of {RNA-seq} expression data using 
             grade of membership models},
  volume  = 13,
  year    = {2017}}

@article{quackenbush-2002,
  author  = {Quackenbush, John},
  journal = {Nature Genetics},
  number  = {S4},
  pages   = {496--501},
  title   = {Microarray data normalization and transformation},
  volume  = 32, 
  year    = 2002}

@article{cui-churchill-2003,
  author  = {Cui, Xiangqin and Churchill, Gary A.},
  journal = {Genome Biology},
  number  = 4,
  title   = {Statistical tests for differential expression in {cDNA}
             microarray experiments},
  volume  = 4,
  year    = 2003}

@article{blei-2003,
  author  = {Blei, David M. and Ng, Andrew Y. and Jordan, Michael I.},
  journal = {Journal of Machine Learning Research},
  pages   = {993--1022},
  title   = {Latent {Dirichlet} allocation},
  volume  = 3,
  year    = 2003}