@incollection{lee-2001,
  title     = {Algorithms for non-negative matrix factorization},
  author    = {Daniel D. Lee and Seung, H. Sebastian},
  booktitle = {Advances in Neural Information Processing Systems 13},
  pages     = {556--562},
  year      = 2001}

@article{engelhardt-stephens-2010,
  author  = {Engelhardt, Barbara E and Stephens, Matthew},
  journal = {PLoS Genetics},
  number  = 9,
  pages   = {e1001117},
  title   = {Analysis of population structure: a unifying framework and
             novel methods based on sparse factor analysis},
  volume  = 6,
  year    = 2010}

@article{bregman-1967,
  author  = {L. M. Bregman},
  title   = {The relaxation method of finding the common points of
             convex sets and its application to the solution of
             problems in convex programming},
  journal = {USSR Computational Mathematics and Mathematical Physics},
  volume  = 7,
  pages   = {200--217},
  year    = 1967}

